<record xmlns="http://www.loc.gov/MARC21/slim" xmlns:xsi="http://www.w3.org/2001/XMLSchema-instance" xsi:schemaLocation="http://www.loc.gov/MARC21/slim http://www.loc.gov/standards/marcxml/schema/MARC21slim.xsd">

  <leader>00696nam a2200193Ia 4500</leader>
  <datafield ind1=" " tag="999" ind2=" ">
    <subfield code="c">1083</subfield>
    <subfield code="d">1083</subfield>
  </datafield>
  <controlfield tag="008">180601b2005    cr ||||| |||| 00| | spa d</controlfield>
  <datafield tag="020" ind2=" " ind1=" ">
    <subfield code="a">9977-77-027-1</subfield>
  </datafield>
  <datafield tag="090" ind2=" " ind1=" ">
    <subfield code="a">06.03.02 </subfield>
    <subfield code="b">1271</subfield>
  </datafield>
  <datafield ind2=" " tag="110" ind1=" ">
    <subfield code="a">Consejo Nacional de Rectores. Oficina de Planificación de la Educación Superior</subfield>
    <subfield code="9">44</subfield>
  </datafield>
  <datafield tag="245" ind2="3" ind1="1">
    <subfield code="a">Los géneros en la educación superior universitaria en Costa Rica / </subfield>
    <subfield code="c">Consejo Nacional de Rectores. Oficina de Planificación de la Educación</subfield>
  </datafield>
  <datafield ind2=" " tag="260" ind1=" ">
    <subfield code="a">Costa Rica: </subfield>
    <subfield code="b">CONARE; OPES, </subfield>
    <subfield code="c">2005</subfield>
  </datafield>
  <datafield ind2=" " tag="300" ind1=" ">
    <subfield code="a">74 páginas</subfield>
  </datafield>
  <datafield tag="650" ind2="4" ind1="1">
    <subfield code="a">EDUCACIÓN SUPERIOR</subfield>
    <subfield code="9">8</subfield>
  </datafield>
  <datafield ind2="4" tag="650" ind1="1">
    <subfield code="a">GÉNERO</subfield>
    <subfield code="9">69</subfield>
  </datafield>
  <datafield ind2=" " tag="650" ind1=" ">
    <subfield code="a">MERCADO LABORAL</subfield>
  </datafield>
  <datafield tag="650" ind2=" " ind1=" ">
    <subfield code="a">FORMACION  PROFESIONAL</subfield>
  </datafield>
  <datafield ind1=" " tag="650" ind2=" ">
    <subfield code="a">COSTA RICA</subfield>
  </datafield>
  <datafield ind2=" " tag="942" ind1=" ">
    <subfield code="2">z</subfield>
    <subfield code="c">01</subfield>
  </datafield>
</record>